<collection>
  <record>
    <controlfield tag="001">1100</controlfield>
    <datafield tag="024" ind1="7" ind2=" ">
      <subfield code="a">10.7483/OPENDATA.ALICE.LP3F.G4KR</subfield>
      <subfield code="2">DOI</subfield>
    </datafield>
    <datafield tag="110" ind1=" " ind2=" ">
      <subfield code="a">ALICE Collaboration</subfield>
    </datafield>
    <datafield tag="245" ind1=" " ind2=" ">
      <subfield code="a">LHC2010b_pp_ESD_117222</subfield>
    </datafield>
    <datafield tag="246" ind1=" " ind2=" ">
      <subfield code="a">Proton-Proton ESD data sample at 3.5 TeV (LHC2010b_pp_ESD_117222)</subfield>
    </datafield>
    <datafield tag="256" ind1=" " ind2=" ">
      <subfield code="a">Dataset</subfield>
      <subfield code="f">2</subfield>
      <subfield code="t">files</subfield>
    </datafield>
    <datafield tag="256" ind1=" " ind2=" ">
      <subfield code="e">8968</subfield>
      <subfield code="t">events</subfield>
    </datafield>
    <datafield tag="256" ind1=" " ind2=" ">
      <subfield code="b">484934275</subfield>
      <subfield code="t">bytes in total</subfield>
    </datafield>
    <datafield tag="260" ind1=" " ind2=" ">
      <subfield code="c">2012</subfield>
    </datafield>
    <datafield tag="520" ind1=" " ind2=" ">
      <subfield code="a">Proton-Proton ESD data sample at 3.5 TeV</subfield>
    </datafield>
    <datafield tag="581" ind1=" " ind2=" ">
      <subfield code="a">To analyse these data, please follow the instructions for</subfield>
      <subfield code="u">http://opendata.cern.ch/getting-started/ALICE</subfield>
      <subfield code="y">Getting started with ALICE data</subfield>
    </datafield>
    <datafield tag="980" ind1=" " ind2=" ">
      <subfield code="a">ALICE-Reconstructed-Data</subfield>
    </datafield>
    <datafield tag="FFT" ind1=" " ind2=" ">
      <subfield code="a">/tmp/opendata.cern.ch-fft-file-cache/alice-eos-file-indexes/LHC2010b_pp_ESD_117222.json</subfield>
    </datafield>
  </record>